@book{b:babb-cases,
	key="{Babb 1988}",
	editor="Babb, Robert G.",
	title="{Programming Parallel Processors}",
	publisher="{Addison-Wesley}",
	year="1988",
}

@article{b:par-lang-survey,
	key="{Bal {\bibea} 1989}",
	author="Bal, Henri E. and Steiner, J. G. and Tanenbaum, A. S.",
	title="{Programming Languages for Distributed Computing Systems}",
	journal="{ACM Computing Surveys}",
	volume="21",
	number="3",
	year="1989",
}

@article{b:cowichan-orca,
	key="{Bal \& Wilson 1996}",
	author="Bal, Henri E. and Wilson, Gregory V.",
	title="{Using the Cowichan Problems to Assess the Usability of Orca}",
	journal="{IEEE Parallel \& Distributed Technology}",
	volume="4",
	number="3",
	year="1996",
}

@book{b:ada,
	key="{Barnes 1995}",
	author="Barnes, John",
	title="{Programming in Ada 95}",
	edition="2nd",
	publisher="{Addison-Wesley Professional}",
	year="1998",
}

@inproceedings{b:munin-overview,
	key="{Bennett {\bibea} 1990}",
	author="Bennett, John K. and Carter, John B. and Zwaenepoel, Willy",
	title="{Munin: Distributed Shared Memory Based on Type-Specific Memory Coherence}",
	booktitle="{Proc.\ 1990 Conference on Principles and Practice of Parallel Programming}",
	publisher="ACM Press",
	year="1990",
}

@article{b:el-emam-metrics,
	key="{El Emam {\bibea} 2001}",
	author="El Emam, Khaled and Benlarbi, Saida and Goel, Nishith and Rai,  Shesh N.",
	title="{The Confounding Effect of Class Size on the Validity of Object-Oriented Metrics}",
	journal="{IEEE Transasctions on Software Engineering}",
	volume="27",
	number="7",
	month="July",
	year="2001",
}

@article{b:livermore-loops,
	key="{Feo 1988}",
	author="Feo, John T.",
	title="{An Analysis of the Computational and Parallel Complexity of the Livermore Loops}",
	journal="{Parallel Computing}",
	volume="7",
	number="2",
	pages="163--85",
	year="1988",
}

@book{b:salishan,
	key="{Feo 1992}",
	editor="Feo, John T.",
	title="{A Comparative Study of Parallel Programming Languages: The Salishan Problems}",
	publisher="{North-Holland}",
	year="1992",
}

@book{b:compare-ada-c-pascal,
	key="{Feuer \& Gehani 1984a}",
	editor="Feuer, Alan R. and Gehani, Narain H.",
	title="{Comparing \& Assessing Programming Languages: Ada, C, Pascal}",
	publisher="{Prentice-Hall}",
	year="1984",
}

@article{b:gulley-contest,
	key="{Gulley 2004}",
	author="Gulley, Ned",
	title="{In Praise of Tweaking: A Wiki-like Programming Contest}",
	journal="{ACM interactions}",
	volume="11",
	number="3",
	year="2004",
}

@book{b:dataparallel-c,
	key="{Hatcher \& Quinn 1991}",
	author="Hatcher, Philip J. and Quinn, Michael J.",
	title="{Data-Parallel Programming on MIMD Computers}",
	publisher="{MIT Press}",
	year="1991",
}

@article{b:hockney-perfparam,
	key="{Hockney 1991}",
	author="Hockney, Roger",
	title="{Performance Parameters and Benchmarking of Supercomputers}",
	journal="{Parallel Computing}",
	volume="17",
	pages="1111--30",
	year="1991",
}

@book{b:occam,
	key="{Inmos 1988a}",
	shortkey="{Inm88a}",
	author="{Inmos Ltd.}",
	title="{Occam 2 Reference Manual}",
	publisher="{Prentice Hall}",
	year=1988,
}

@article{b:prechelt-languages,
	key="{Prechelt 2000}",
	author="Prechelt, Lutz",
	title="{An empirical comparison of seven programming languages}",
	journal="{IEEE Computer}",
	volume="3",
	number="10",
	month="October",
	year="2000",
}

@article{b:prechelt-platforms,
	key="{Prechelt 2009}",
	author="Prechelt, Lutz",
	title="{Plat\_Forms: A Web Development Platform Comparison by an Exploratory Experiment Searching for Emergent Platform Properties}",
	journal="{IEEE Transactions on Software Engineering}",
	year="2009",
}

@book{b:percolation-theory,
	key="{Stauffer \& Aharony 1992}",
	author="Stauffer, D. and Aharony, A.",
	title="{Introduction to Percolation Theory}",
	publisher="{Taylor and Francis}",
	year="1992",
}

@article{b:bench-over,
	key="{Weicker 1990}",
	author="Weicker, Reinhold P.",
	title="{An Overview of Common Benchmarks}",
	journal="{IEEE Computer}",
	month="December",
	year="1990",
}

@inproceedings{b:cowichan-ifip,
	key="{Wilson 1994}",
	author="Wilson, Gregory V.",
	title="{Assessing the Usability of Parallel Programming Systems: The Cowichan Problems}",
	booktitle="{Proceedings of the IFIP Working Conference on Programming Environments for Massively Parallel Distributed Systems}",
	month="April",
	year="1994",
	publisher="{{Birkh\"{a}user} Verlag AG}",
}
